<record xmlns="http://www.loc.gov/MARC21/slim" xmlns:xsi="http://www.w3.org/2001/XMLSchema-instance" xsi:schemaLocation="http://www.loc.gov/MARC21/slim http://www.loc.gov/standards/marcxml/schema/MARC21slim.xsd">

  <leader>00744nam a2200181Ia 4500</leader>
  <datafield tag="999" ind2=" " ind1=" ">
    <subfield code="c">2333</subfield>
    <subfield code="d">2333</subfield>
  </datafield>
  <controlfield tag="008">180911b2001    cr ||||| |||| 00| | spa d</controlfield>
  <datafield tag="090" ind1=" " ind2=" ">
    <subfield code="a">19.01.02 </subfield>
    <subfield code="b">1246</subfield>
  </datafield>
  <datafield ind1=" " ind2=" " tag="100">
    <subfield code="a">García Fallas, Jacqueline</subfield>
    <subfield code="9">759</subfield>
  </datafield>
  <datafield tag="245" ind1="1" ind2="0">
    <subfield code="a">Programa de investigación en tecnologías de la información y comunicación en los procesos educativos / </subfield>
    <subfield code="c">Jacqueline García Fallas, Alice Miranda Arguedas,  Evelyn Cajina Alemán</subfield>
  </datafield>
  <datafield tag="260" ind2=" " ind1=" ">
    <subfield code="a">San José, Costa Rica  : </subfield>
    <subfield code="b">INIE, </subfield>
    <subfield code="c">2012</subfield>
  </datafield>
  <datafield ind1=" " ind2=" " tag="300">
    <subfield code="a">47 páginas</subfield>
  </datafield>
  <datafield tag="500" ind1=" " ind2=" ">
    <subfield code="a">Informe final proyecto N° 724-A6-907</subfield>
  </datafield>
  <datafield tag="650" ind2="4" ind1="1">
    <subfield code="a">TECNOLOGÍA DE LA INFORMACIÓN </subfield>
    <subfield code="9">484</subfield>
  </datafield>
  <datafield tag="650" ind1="1" ind2="4">
    <subfield code="a">TECNOLOGÍA DE LAS COMUNICACIONES</subfield>
    <subfield code="9">925</subfield>
  </datafield>
  <datafield tag="700" ind2=" " ind1=" ">
    <subfield code="a">Miranda Arguedas, Alice</subfield>
    <subfield code="9">4211</subfield>
  </datafield>
  <datafield ind2=" " ind1=" " tag="700">
    <subfield code="a">Cajina Alemán, Evelyn</subfield>
    <subfield code="9">1742</subfield>
  </datafield>
  <datafield tag="942" ind2=" " ind1=" ">
    <subfield code="2">z</subfield>
    <subfield code="c">04</subfield>
  </datafield>
</record>